@book{negus2010linux,
  title={Linux Bible 2010 Edition: Boot Up to Ubuntu, Fedora, KNOPPIX, Debian, openSUSE, and 13 Other Distributions},
  author={Negus, Christopher},
  volume={682},
  year={2010},
  publisher={John Wiley \& Sons}
}

@book{blum2008linux,
  title={Linux Command Line and Shell Scripting Bible},
  author={Blum, R.},
  isbn={9780470386002},
  series={Bible},
  url={https://books.google.com.br/books?id=dKxCcDn24gIC},
  year={2008},
  publisher={Wiley}
}

@misc{bash,
  title = {{GNU Bash} Bash is the Bourne Again SHell},
  howpublished = {\url{https://www.gnu.org/software/bash/}},
  author = {Fox, Brian},
  note = {Accessed: 2020-03-17}
}

@misc{zsh,
  title = {{Zsh} The Z shell},
  howpublished = {\url{https://www.zsh.org/}},
  author = {Falstad, Paul},
  note = {Accessed: 2020-03-17}
}

@misc{fish,
  title = {{fish} The friendly interactive shell},
  howpublished = {\url{https://fishshell.com/}},
  author = {Liljencrantz, Axel},
  note = {Accessed: 2020-03-17}
}

@book{kernighan2006c,
  title={The C programming language},
  author={Kernighan, Brian W and Ritchie, Dennis M},
  year={2006},
  publisher={Pearson Education}
}

@article{afrati2012vision,
  author    = {Foto N. Afrati and
               Anish Das Sarma and
               Semih Salihoglu and
               Jeffrey D. Ullman},
  title     = {Vision Paper: Towards an Understanding of the Limits of Map-Reduce
               Computation},
  journal   = {CoRR},
  volume    = {abs/1204.1754},
  year      = {2012},
  url       = {http://arxiv.org/abs/1204.1754},
  archivePrefix = {arXiv},
  eprint    = {1204.1754},
  timestamp = {Mon, 13 Aug 2018 16:47:17 +0200},
  biburl    = {https://dblp.org/rec/journals/corr/abs-1204-1754.bib},
  bibsource = {dblp computer science bibliography, https://dblp.org}
}

@book{newham2005learning,
  author    = {Cameron Newham and
               Bill Rosenblatt},
  title     = {Learning the bash shell - Unix shell programming: covers bash 3.0
               {(3} ed.)},
  publisher = {O'Reilly},
  year      = {2005},
  url       = {http://www.oreilly.de/catalog/bash3/index.html},
  isbn      = {978-0-596-00965-6},
  timestamp = {Fri, 01 Apr 2011 13:41:29 +0200},
  biburl    = {https://dblp.org/rec/books/daglib/0012789.bib},
  bibsource = {dblp computer science bibliography, https://dblp.org}
}

@misc{hanson2013uthash,
  title={uthash: A hash table for c structures},
  author={Hanson, Troy D and O’Dwyer, Arthur},
  year={2013}
}

@book{white2012hadoop,
  author    = {Tom White},
  title     = {Hadoop - The Definitive Guide: Storage and Analysis at Internet Scale
               {(4.} ed., revised {\&} updated)},
  publisher = {O'Reilly},
  year      = {2015},
  url       = {http://www.oreilly.de/catalog/9781491901632/index.html},
  isbn      = {978-1-491-90163-2},
  timestamp = {Thu, 11 Jun 2015 16:44:23 +0200},
  biburl    = {https://dblp.org/rec/books/daglib/0035689.bib},
  bibsource = {dblp computer science bibliography, https://dblp.org}
}

@book{chambers2018spark,
  title={Spark: The definitive guide: Big data processing made simple},
  author={Chambers, Bill and Zaharia, Matei},
  year={2018},
  publisher={" O'Reilly Media, Inc."}
}

@book{narkhede2017kafka,
  title={Kafka: the definitive guide: real-time data and stream processing at scale},
  author={Narkhede, Neha and Shapira, Gwen and Palino, Todd},
  year={2017},
  publisher={" O'Reilly Media, Inc."}
}

@book{ieee754,
  title={IEEE Std 754-2019 (Revision of IEEE 754-2008): IEEE Standard for Floating-Point Arithmetic},
  author={IEEE},
  isbn={9781504459242},
  url={https://books.google.com.br/books?id=X5Q8zQEACAAJ},
  publisher={IEEE}
}

@misc{santos2020tac,
  author = {Santos, Luciano and Nalon Cláudia},
  title = {the Three Address Code interpreter},
  year = {2020},
  publisher = {GitHub},
  journal = {GitHub repository},
  howpublished = {\url{https://github.com/lhsantos/tac}},
  note = {Accessed: 2020-03-17}
}

@article{aho1986compilers,
  title={Compilers, principles, techniques},
  author={Aho, Alfred V and Sethi, Ravi and Ullman, Jeffrey D},
  journal={Addison wesley},
  volume={7},
  number={8},
  pages={9},
  year={1986}
}
